
@book{the_scrum_guide,
  title={The Scrum Guide},
  author={Ken Schwaber and Jeff Sutherland},
  year={2016},
  publisher={Scrum.Org}
}
