# Bibliografia

@MISC{Prague_severalmilestones,
    author = {Magdalena Hykˇsová Prague},
    title = {Several Milestones in the History of Game Theory},
    year = {}
}

@MISC{sartini_IIbienaldasbm,
    author = {Brigida Alexandre Sartini, Gilmar Garbugio, Humberto José Bortolossi, Polyane Alves Santos, Larissa Santana Barreto},
    title = {Uma Introdução a Teoria dos Jogos},
    year = {2004}
}

@MISC{borel_1921,
	author = {Émile Borel},
    title = {The Theory of Play and Integral Equations with Skew Symmetric Kernels},
    year = {1921}

}

@MISC{borel_1924,
	author = {Émile Borel},
    title = {On Games that Involve Chance and the Skill of Players},
    year = {1924}

}

@MISC{borel_1927,
	author = {Émile Borel},
    title = {On Systems of Linear Forms of Skew Symmetric Determinant and the General Theory of Play},
    year = {1927}

}

@BOOK{borel_1938,
	author = {Émile Borel},
    title = {Le jeu de poker},
    year = {1938}

}

@article{cournot_1838,
title = {Recherches sur les principes mathématiques de la théorie des richesses},
author = {Antoine-Augustin Cournot},
year = {1838},
url = {http://catalogue.bnf.fr/ark:/12148/cb30280488q},
language= {fre},
publisher = {L. Hachette (Paris)},
}

@MISC{zermelo_1913,
title = {Über eine Anwendung der Mengdenlehre auf die theories des Schachspiels},
author = {Ernst Friedrich Ferdinand Zermelo},
journal = {Atas do _Décimo Quinto Congresso Internacional de Matemáticos_},
volume = {2},
pages = {501--504},
year = {1913},
}



---

@article{cournot_1838,
title = {A. A. COURNOT,<i> Recherches sur les principes mathématiques de la théorie des richesses</i>, édition et préface de H. Guitton, coll. « Les Fondateurs »},
author ={Ménard Claude},
journal = {Annales. Économies, Sociétés, Civilisations},
volume = {30},
number = {5},
pages = {1141--1146},
year = {1975},
ISSN = {0395-2649},
url = {http://www.persee.fr/doc/ahess_0395-2649_1975_num_30_5_293667_t1_1141_0000_001},
language= {fre},
publisher = {EHESS},
keywords ={}
}
